% SEC application

@article{wylie2012sequence,
  title={Sequence analysis of the human virome in febrile and afebrile
children},
  author={Wylie, Kristine M and Mihindukulasuriya, Kathie A and
Sodergren, Erica and Weinstock, George M and Storch, Gregory A},
  journal={PLoS One},
  volume={7},
  number={6},
  pages={e27735},
  year={2012},
url={http://www.ploscollections.org/article/info%3Adoi%2F10.1371%2Fjournal.pone.0027735},
  publisher={Public Library of Science}
}

% http://www.biomedcentral.com/content/pdf/gb-2011-12-5-r50.pdf
@article{caporaso2011moving,
  title={Moving pictures of the human microbiome},
  author={Caporaso, J Gregory and Lauber, Christian L and Costello, Elizabeth K and Berg-Lyons, Donna and Gonzalez, Antonio and Stombaugh, Jesse and Knights, Dan and Gajer, Pawel and Ravel, Jacques and Fierer, Noah and others},
  journal={Genome Biol},
  volume={12},
  number={5},
  pages={R50},
  year={2011}
}

@article{jernberg2007long,
  title={Long-term ecological impacts of antibiotic administration on the human intestinal microbiota},
  author={Jernberg, Cecilia and L{\"o}fmark, Sonja and Edlund, Charlotta and Jansson, Janet K},
  journal={The ISME journal},
  volume={1},
  number={1},
  pages={56--66},
  year={2007},
  publisher={Nature Publishing Group}
}

@article{jakobsson2010short,
  title={Short-term antibiotic treatment has differing long-term impacts on the human throat and gut microbiome},
  author={Jakobsson, Hedvig E and Jernberg, Cecilia and Andersson, Anders F and Sj{\"o}lund-Karlsson, Maria and Jansson, Janet K and Engstrand, Lars},
  journal={PLoS One},
  volume={5},
  number={3},
  pages={e9836},
  year={2010},
  publisher={Public Library of Science}
}

@article{dethlefsen2011incomplete,
  title={Incomplete recovery and individualized responses of the human distal gut microbiota to repeated antibiotic perturbation},
  author={Dethlefsen, Les and Relman, David A},
  journal={Proceedings of the National Academy of Sciences},
  volume={108},
  number={Supplement 1},
  pages={4554--4561},
  year={2011},
  publisher={National Acad Sciences}
}

@article{dethlefsen2008pervasive,
  title={The pervasive effects of an antibiotic on the human gut microbiota, as revealed by deep 16S rRNA sequencing},
  author={Dethlefsen, Les and Huse, Sue and Sogin, Mitchell L and Relman, David A},
  journal={PLoS biology},
  volume={6},
  number={11},
  pages={e280},
  year={2008},
  publisher={Public Library of Science}
}

http://www.nature.com/nature/journal/v486/n7402/full/nature11209.html
@article{methe2012framework,
  title={A framework for human microbiome research},
  author={Meth{\'e}, Barbara A and Nelson, Karen E and Pop, Mihai and Creasy, Heather H and Giglio, Michelle G and Huttenhower, Curtis and Gevers, Dirk and Petrosino, Joseph F and Abubucker, Sahar and Badger, Jonathan H and others},
  journal={Nature},
  volume={486},
  number={7402},
  pages={215--221},
  year={2012},
  publisher={NIH Public Access}
}

% SEC methods

@article{chen2012associating,
  title={Associating microbiome composition with environmental
covariates using generalized UniFrac distances},
  author={Chen, Jun and Bittinger, Kyle and Charlson, Emily S and
Hoffmann, Christian and Lewis, James and Wu, Gary D and Collman,
Ronald G and Bushman, Frederic D and Li, Hongzhe},
  journal={Bioinformatics},
  volume={28},
  number={16},
  pages={2106--2113},
  year={2012},
  publisher={Oxford Univ Press}
}

 http://www.nature.com/nature/journal/v480/n7376/full/nature10571.html
@article{smillie2011ecology,
  title={Ecology drives a global network of gene exchange connecting the human microbiome},
  author={Smillie, Chris S and Smith, Mark B and Friedman, Jonathan and Cordero, Otto X and David, Lawrence A and Alm, Eric J},
  journal={Nature},
  volume={480},
  number={7376},
  pages={241--244},
  year={2011},
  publisher={Nature Publishing Group}
}


% SEC software

@article{caporaso2010qiime,
  title={QIIME allows analysis of high-throughput community sequencing data},
  author={Caporaso, J Gregory and Kuczynski, Justin and Stombaugh,
Jesse and Bittinger, Kyle and Bushman, Frederic D and Costello,
Elizabeth K and Fierer, Noah and Pena, Antonio Gonzalez and Goodrich,
Julia K and Gordon, Jeffrey I and others},
  journal={Nature methods},
  volume={7},
  number={5},
  pages={335--336},
  year={2010},
  publisher={Nature Publishing Group}
}

@article{schloss2009introducing,
  title={Introducing mothur: open-source, platform-independent,
community-supported software for describing and comparing microbial
communities},
  author={Schloss, Patrick D and Westcott, Sarah L and Ryabin, Thomas
and Hall, Justine R and Hartmann, Martin and Hollister, Emily B and
Lesniewski, Ryan A and Oakley, Brian B and Parks, Donovan H and
Robinson, Courtney J and others},
  journal={Applied and environmental microbiology},
  volume={75},
  number={23},
  pages={7537--7541},
  year={2009},
  publisher={Am Soc Microbiol}
}

@article{lynch2013axiome,
  title={AXIOME: automated exploration of microbial diversity},
  author={Lynch, Michael DJ and Masella, Andre P and Hall, Michael W
and Bartram, Andrea K and Neufeld, Josh D},
  journal={GigaScience},
  volume={2},
  number={1},
  pages={3},
  year={2013},
  publisher={BioMed Central Ltd}
}
